% This file was created with JabRef 2.10.
% Encoding: ISO8859_1

@article{france2005domain,
  title={Domain specific modeling},
  author={France, Robert and Rumpe, Bernhard},
  journal={Software and Systems Modeling},
  volume={4},
  number={1},
  year={2005},
  publisher={Springer}
},

@article{gerhart2015approach,
  title={Approach to Define Highly Scalable Metamodels Based on JSON},
  author={Gerhart, Markus and Bayer, Julian and H{\"o}fner, Jan Moritz and Boger, Marko},
  journal={BigMDE 2015},
  year={2015}
},

@book{steinberg2008emf,
  title={EMF: eclipse modeling framework},
  author={Steinberg, Dave and Budinsky, Frank and Merks, Ed and Paternostro, Marcelo},
  year={2008},
  publisher={Pearson Education}
}
